<record><leader>00000cas a22000007a 4500</leader><controlfield tag="001">26755783</controlfield><controlfield tag="008">921009c19929999cauwr n       0   a0eng c</controlfield><datafield ind1=" " ind2=" " tag="010"><subfield code="a">sn 92005914 </subfield></datafield><datafield ind1=" " ind2=" " tag="040"><subfield code="a">NSD</subfield><subfield code="b">eng</subfield><subfield code="c">NSD</subfield><subfield code="d">OCLCQ</subfield></datafield><datafield ind1=" " ind2=" " tag="012"><subfield code="l">1</subfield></datafield><datafield ind1="0" ind2=" " tag="022"><subfield code="a">1065-8262</subfield><subfield code="l">1065-8262</subfield><subfield code="2">1</subfield></datafield><datafield ind1=" " ind2=" " tag="037"><subfield code="b">Luso Americano Co., 21378 Mission Blvd., Hayward, CA 94541</subfield></datafield><datafield ind1=" " ind2=" " tag="042"><subfield code="a">nsdp</subfield><subfield code="a">pcc</subfield></datafield><datafield ind1="1" ind2="0" tag="082"><subfield code="a">071</subfield><subfield code="2">12</subfield></datafield><datafield ind1="0" ind2=" " tag="210"><subfield code="a">LusoAmericano Calif.</subfield></datafield><datafield ind1=" " ind2="0" tag="222"><subfield code="a">LusoAmericano California</subfield></datafield><datafield ind1="0" ind2="0" tag="245"><subfield code="a">LusoAmericano California.</subfield></datafield><datafield ind1=" " ind2=" " tag="260"><subfield code="a">Hayward, CA :</subfield><subfield code="b">[Luso Americano Co.,</subfield><subfield code="c">1992]-</subfield></datafield><datafield ind1=" " ind2=" " tag="300"><subfield code="a">v.</subfield></datafield><datafield ind1=" " ind2=" " tag="310"><subfield code="a">Weekly</subfield></datafield><datafield ind1="0" ind2=" " tag="362"><subfield code="a">No. 1 (Sept. 9, 1992)-</subfield></datafield><datafield ind1=" " ind2=" " tag="588"><subfield code="a">Description based on surrogate.</subfield></datafield><datafield ind1=" " ind2=" " tag="752"><subfield code="a">United States</subfield><subfield code="b">California</subfield><subfield code="c">Alameda</subfield><subfield code="d">Hayward.</subfield></datafield><datafield ind1="1" ind2=" " tag="029"><subfield code="a">AU@</subfield><subfield code="b">000025875623</subfield></datafield></record>